@book{Knuth1998,
  author    = {Donald E. Knuth},
  title     = {The Art of Computer Programming, Volume 1: Fundamental Algorithms},
  publisher = {Addison-Wesley},
  year      = {1998},
  address   = {Reading, Massachusetts},
  edition   = {3rd},
  isbn      = {0-201-89683-4},
}