% Encoding: UTF-8

%%%%%%%%%%%%%%%%%%%%%%%%%%%%%%%%%%%%%%%%%%%%%%%%%%
%%%%%%%%%%%%%%%%%% MASTER THESIS %%%%%%%%%%%%%%%%%
%%%%%%%%%%%%%%%%%%%%%%%%%%%%%%%%%%%%%%%%%%%%%%%%%%

@mastersthesis{calisto2017mimbcdui,
  doi = {10.13140/RG.2.2.15187.02084},
  url = {http://rgdoi.net/10.13140/RG.2.2.15187.02084},
  author = {Calisto, Francisco},
  title = {Medical Imaging Multimodality Breast Cancer Diagnosis User Interface},
  school = {Instituto Superior T\'{e}cnico},
  year = {2017},
  address = {Avenida Rovisco Pais 1, 1049-001 Lisboa - Portugal (EU)},
  month = {10},
  note = {A Medical Imaging Tool for a Multimodality use of Breast Cancer Diagnosis on a User Interface.}
}

%%%%%%%%%%%%%%%%%%%%%%%%%%%%%%%%%%%%%%%%%%%%%%%%%%
%%%%%%%%%%%%%%%%%%%%%%%%%%%%%%%%%%%%%%%%%%%%%%%%%%
%%%%%%%%%%%%%%%%%%%%%%%%%%%%%%%%%%%%%%%%%%%%%%%%%%

%%%%%%%%%%%%%%%%%%%%%%%%%%%%%%%%%%%%%%%%%%%%%%%%%%
%%%%%%%%%%%%%%%%%%%%% POSTERS %%%%%%%%%%%%%%%%%%%%
%%%%%%%%%%%%%%%%%%%%%%%%%%%%%%%%%%%%%%%%%%%%%%%%%%

@conference{https://doi.org/10.13140/rg.2.2.16086.88649,
  doi = {10.13140/RG.2.2.16086.88649},
  url = {http://rgdoi.net/10.13140/RG.2.2.16086.88649},
  author = {Calisto,  Francisco Maria},
  language = {en},
  title = {Medical Imaging Multimodality Annotating Framework},
  booktitle = {PhD Open Days 2020},
  series = {POD '20},
  location = {Lisbon, Portugal},
  publisher = {Instituto Superior T\'{e}cnico},
  year = {2020},
  month = {10},
  pages={1--2}
}

@Conference{https://doi.org/10.13140/rg.2.2.25718.65606,
  doi = {10.13140/RG.2.2.25718.65606},
  url = {http://rgdoi.net/10.13140/RG.2.2.25718.65606},
  author = {Calisto,  Francisco Maria and Lencastre,  Hugo and Nunes,  Nuno Jardim and Nascimento,  Jacinto C.},
  language = {en},
  title = {BreastScreening: Towards Breast Cancer Clinical Decision Support Systems},
  booktitle = {National Science Summit 2019},
  series = {NSS '19},
  location = {Lisbon, Portugal},
  publisher = {Funda\c{c}\~{a}o para a Ci\^{e}ncia e Tecnologia},
  year = {2019},
  pages={1--2}
}

@Conference{calisto2019midaaiarfuv,
  author    = {Calisto, Francisco Maria and Lencastre, Hugo and Nunes, Nuno Jardim and Nascimento, Jacinto C.},
  booktitle = {Keep In Touch 2019},
  title     = {Medical Imaging Diagnosis Assistant: AI-Assisted Radiomics Framework User Validation},
  doi       = {10.13140/RG.2.2.33421.59360},
  language  = {en},
  location  = {Lisbon, Portugal},
  pages     = {1--2},
  publisher = {Instituto Superior T\'{e}cnico},
  series    = {KIT '19},
  url       = {http://rgdoi.net/10.13140/RG.2.2.33421.59360},
  address   = {Avenida Rovisco Pais 1, 1049-001 Lisboa - Portugal (EU)},
  journal   = {University of Lisbon},
  year      = {2019},
}

@conference{https://doi.org/10.13140/rg.2.2.25412.68486,
  doi = {10.13140/RG.2.2.25412.68486},
  url = {http://rgdoi.net/10.13140/RG.2.2.25412.68486},
  author = {Calisto,  Francisco Maria and Nunes,  Nuno Jardim and Nascimento,  Jacinto C. and Miraldo,  Pedro},
  language = {en},
  title = {BreastScreening: A Multimodality Diagnostic Assistant},
  booktitle = {National Science Summit 2018},
  series = {NSS '18},
  location = {Lisbon, Portugal},
  publisher = {Funda\c{c}\~{a}o para a Ci\^{e}ncia e Tecnologia},
  year = {2018},
  month = {6},
  pages={1--2}
}

@conference{https://doi.org/10.13140/rg.2.2.29816.70409,
  doi = {10.13140/RG.2.2.29816.70409},
  url = {http://rgdoi.net/10.13140/RG.2.2.29816.70409},
  author = {Calisto,  Francisco Maria and Miraldo,  Pedro and Nunes,  Nuno Jardim and Nascimento,  Jacinto C.},
  language = {en},
  title = {BreastScreening: A Multimodality Diagnostic Assistant},
  booktitle = {LARSyS 2018 Annual Meeting},
  series = {LARSyS AM '18},
  location = {Lisbon, Portugal},
  publisher = {Interactive Technologies Institute},
  year = {2018},
  month = {6},
  pages={1--2}
}

%%%%%%%%%%%%%%%%%%%%%%%%%%%%%%%%%%%%%%%%%%%%%%%%%%
%%%%%%%%%%%%%%%%%%%%%%%%%%%%%%%%%%%%%%%%%%%%%%%%%%
%%%%%%%%%%%%%%%%%%%%%%%%%%%%%%%%%%%%%%%%%%%%%%%%%%

%%%%%%%%%%%%%%%%%%%%%%%%%%%%%%%%%%%%%%%%%%%%%%%%%%
%%%%%%%%%%%%%%%%%%%%%%% MISC %%%%%%%%%%%%%%%%%%%%%
%%%%%%%%%%%%%%%%%%%%%%%%%%%%%%%%%%%%%%%%%%%%%%%%%%

@techreport{nadia2020xai,
  doi         = {10.13140/RG.2.2.31605.93928/4},
  url         = {http://rgdoi.net/10.13140/RG.2.2.31605.93928/4},
  author      = {{N\'{a}dia Mour\~{a}o}},
  language    = {en},
  title       = {Master Project: 2D Breast Cancer Diagnosis Explainable Visualizations},
  institution = {Instituto Superior T\'{e}cnico},
  address     = {Avenida Rovisco Pais 1, 1049-001 Lisboa - Portugal (EU)},
  month       = {1},
  year        = {2020},
  publisher   = {ResearchGate},
  note        = {Introduction of explainable methods on medical decision making.}
}

@misc{https://doi.org/10.13140/rg.2.2.14314.95685/1,
  doi = {10.13140/RG.2.2.14314.95685/1},
  url = {http://rgdoi.net/10.13140/RG.2.2.14314.95685/1},
  author = {Calisto,  Francisco Maria},
  language = {en},
  title = {Towards the Human-Centered Design of Intelligent Agents in Medical Imaging Diagnosis Thesis Proposal Problems and Contributions},
  publisher = {ResearchGate},
  year = {2020}
}

@misc{nadia2020maivelt,
  doi = {10.13140/RG.2.2.33693.26086},
  url = {http://rgdoi.net/10.13140/RG.2.2.33693.26086},
  author = {Mour\~{a}o, N\'{a}dia Liladar and Calisto,  Francisco Maria  and Nascimento,  Jacinto C.},
  language = {en},
  title = {MIMBCD-UI: AI Visual Explaination - Lesions Types},
  publisher = {ResearchGate},
  year = {2020}
}

@misc{nadia2020maivect,
  doi = {10.13140/RG.2.2.26667.80164},
  url = {http://rgdoi.net/10.13140/RG.2.2.26667.80164},
  author = {Mour\~{a}o, N\'{a}dia Liladar and  Calisto,  Francisco Maria and Nascimento,  Jacinto C.},
  language = {en},
  title = {MIMBCD-UI: AI Visual Explanation - Calcification Types},
  publisher = {ResearchGate},
  year = {2020}
}

@misc{mourao2020architecture,
  doi = {10.13140/RG.2.2.11568.30723},
  url = {http://rgdoi.net/10.13140/RG.2.2.11568.30723},
  author = {Mour\~{a}o, N\'{a}dia Liladar  and Calisto,  Francisco Maria and Nascimento,  Jacinto C.},
  language = {en},
  title = {MIMBCD-UI: AI Visual Explanation Architecture},
  publisher = {ResearchGate},
  year = {2020}
}

@misc{lencastre2020mvf,
  doi = {10.13140/RG.2.2.28345.52322},
  url = {http://rgdoi.net/10.13140/RG.2.2.28345.52322},
  author = {Lencastre,  Hugo and Calisto,  Francisco Maria and Nascimento,  Jacinto C.},
  language = {en},
  title = {3D Module View Feature},
  publisher = {ResearchGate},
  year = {2020}
}

@misc{nadia2020maivell,
  doi = {10.13140/RG.2.2.26143.51365},
  url = {http://rgdoi.net/10.13140/RG.2.2.26143.51365},
  author = {Mour{\~a}o, N{\'a}dia Liladar and Calisto,  Francisco Maria and Nascimento,  Jacinto C.},
  language = {en},
  title = {MIMBCD-UI: AI Visual Explanation - Label Lesion},
  publisher = {ResearchGate},
  year = {2020}
}

@misc{nadia2020maiveuml,
  doi = {10.13140/RG.2.2.32854.40000},
  url = {http://dx.doi.org/10.13140/RG.2.2.32854.40000},
  author = {Mour{\~a}o, N{\'a}dia Liladar and Calisto,  Francisco Maria and Nascimento,  Jacinto C.},
  language = {en},
  title = {MIMBCD-UI: AI Visual Explanation - UML},
  publisher = {ResearchGate},
  year = {2020}
}

@misc{https://doi.org/10.13140/rg.2.2.13834.62405,
  doi = {10.13140/RG.2.2.13834.62405},
  url = {http://rgdoi.net/10.13140/RG.2.2.13834.62405},
  author = {Calisto,  Francisco Maria},
  language = {en},
  title = {Medical Imaging Solution Components Schematic Demonstration},
  publisher = {ResearchGate},
  year = {2020}
}

@misc{https://doi.org/10.13140/rg.2.2.33967.28323,
  doi = {10.13140/RG.2.2.33967.28323},
  url = {http://rgdoi.net/10.13140/RG.2.2.33967.28323},
  author = {Calisto,  Francisco Maria},
  language = {en},
  title = {Annotations File Generation Schematic Diagram},
  publisher = {ResearchGate},
  year = {2020}
}

@misc{lencastre2020msia,
  doi = {10.13140/RG.2.2.16601.47209},
  url = {http://rgdoi.net/10.13140/RG.2.2.16601.47209},
  author = {Lencastre,  Hugo and Calisto,  Francisco Maria and Nascimento,  Jacinto C.},
  language = {en},
  title = {MIMBCD-UI: Scalable Interactions Architecture},
  publisher = {ResearchGate},
  year = {2020}
}

@misc{calisto2019micpuw,
  doi = {10.13140/RG.2.2.27402.93126},
  url = {http://rgdoi.net/10.13140/RG.2.2.27402.93126},
  author = {Calisto,  Francisco Maria},
  language = {en},
  title = {Medical Imaging Cornerstone Prototype User Workflow},
  publisher = {ResearchGate},
  year = {2019}
}

@misc{calisto2019mips,
  doi = {10.13140/RG.2.2.19014.32321},
  url = {http://rgdoi.net/10.13140/RG.2.2.19014.32321},
  author = {Calisto,  Francisco Maria},
  language = {en},
  title = {Medical Imaging Patient Structure},
  publisher = {ResearchGate},
  year = {2019}
}

@misc{calisto2019itmedex,
  doi = {10.13140/RG.2.2.30479.43682},
  url = {http://rgdoi.net/10.13140/RG.2.2.30479.43682},
  author = {Calisto,  Francisco Maria},
  language = {en},
  title = {IT-MEDEX Closing Workshop: Towards Touch-Based Medical Image Diagnosis Annotation},
  publisher = {ResearchGate},
  year = {2019}
}

@misc{https://doi.org/10.13140/RG.2.2.23078.37448/1,
  doi = {10.13140/rg.2.2.23078.37448/1},
  url = {http://rgdoi.net/10.13140/RG.2.2.23078.37448/1},
  author = {Calisto,  Francisco Maria and Nunes, Nuno and Nascimento,  Jacinto C.},
  language = {en},
  title = {Medical Imaging Diagnosis Assistant: Dimensions Of Trust Scale (DOTS) Survey Template File},
  publisher = {ResearchGate},
  month = {May},
  year = {2019}
}

@misc{https://doi.org/10.13140/rg.2.2.25301.06883,
  doi = {10.13140/rg.2.2.25301.06883},
  url = {http://rgdoi.net/10.13140/RG.2.2.25301.06883},
  author = {Calisto,  Francisco Maria and Nascimento,  Jacinto C.},
  language = {en},
  title = {Medical Imaging Multimodality Breast Cancer Diagnosis User Interface: SUS Survey Template File},
  publisher = {ResearchGate},
  month = {April},
  year = {2018}
}

@misc{https://doi.org/10.13140/rg.2.2.26978.79044,
  doi = {10.13140/rg.2.2.26978.79044},
  url = {http://rgdoi.net/10.13140/RG.2.2.26978.79044},
  author = {Calisto,  Francisco Maria and Nascimento,  Jacinto C.},
  language = {en},
  title = {Medical Imaging Multimodality Breast Cancer Diagnosis User Interface: NASA-TLX Survey Template File},
  publisher = {ResearchGate},
  month = {April},
  year = {2018}
}

@misc{https://doi.org/10.13140/rg.2.2.36306.86725,
  doi = {10.13140/rg.2.2.36306.86725},
  url = {http://rgdoi.net/10.13140/RG.2.2.36306.86725},
  author = {Calisto,  Francisco Maria and Nascimento,  Jacinto C.},
  language = {en},
  title = {Medical Imaging Multimodality Breast Cancer Diagnosis User Interface: BIRADS Survey Template File},
  publisher = {ResearchGate},
  month = {May},
  year = {2018}
}

%%%%%%%%%%%%%%%%%%%%%%%%%%%%%%%%%%%%%%%%%%%%%%%%%%
%%%%%%%%%%%%%%%%%%%%%%%%%%%%%%%%%%%%%%%%%%%%%%%%%%
%%%%%%%%%%%%%%%%%%%%%%%%%%%%%%%%%%%%%%%%%%%%%%%%%%

%%%%%%%%%%%%%%%%%%%%%%%%%%%%%%%%%%%%%%%%%%%%%%%%%%
%%%%%%%%%%%%%%%%% TECHNICAL REPORTS %%%%%%%%%%%%%%
%%%%%%%%%%%%%%%%%%%%%%%%%%%%%%%%%%%%%%%%%%%%%%%%%%

@techreport{10.13140/RG.2.2.12519.16803,
author = {Calisto, Francisco Maria},
language    = {en},
year = {2020},
month = {12},
pages = {1 -- 111},
title = {Towards the Human-Centered Design of Intelligent Agents in Medical Imaging Diagnosis},
institution = {Instituto Superior T\'{e}cnico},
  address = {Avenida Rovisco Pais 1, 1049-001 Lisboa - Portugal (EU)},
publisher = {ResearchGate},
note = {Introduction of intelligent agents for breast cancer diagnosis.},
doi = {10.13140/RG.2.2.12519.16803},
url = {http://dx.doi.org/10.13140/RG.2.2.12519.16803}
}

@techreport{https://doi.org/10.13140/rg.2.2.14792.55049,
  doi = {10.13140/RG.2.2.14792.55049},
  url = {http://rgdoi.net/10.13140/RG.2.2.14792.55049},
  author = {Calisto,  Francisco Maria},
  language = {en},
  title = {Breast Cancer Medical Imaging Multimodality Lesion Contours Annotating Method},
  institution = {Instituto Superior T\'{e}cnico},
  year = {2020},
  number = {116801},
  address = {Avenida Rovisco Pais 1, 1049-001 Lisboa - Portugal (EU)},
  month = {10},
  note = {Method and process using a system to annotate and visualize masses and microcalcifications of breast cancer lesions in a multimodality strategy.}
}

@techreport{https://doi.org/10.13140/rg.2.2.16566.14403/1,
  doi = {10.13140/RG.2.2.16566.14403/1},
  url = {http://rgdoi.net/10.13140/RG.2.2.16566.14403/1},
  author = {Calisto,  Francisco Maria},
  language = {en},
  title = {Assistant Introduction: User Testing Guide For A Comparison Between Multi-Modality and AI-Assisted Systems},
  publisher = {Madeira Interactive Technologies Institute},
  year = {2019},
  institution={Instituto Superior T\'{e}cnico}
}

@techreport{calisto2015aqmgasa,
  doi = {10.13140/RG.2.1.1905.9283},
  url = {http://rgdoi.net/10.13140/RG.2.1.1905.9283},
  author = {Oliveira, Bruno and Calisto,  Francisco Maria and Borbinha, Jos\'{e} and Gomes, Lilian},
  language = {en},
  title = {Adaptive Q-Sort Matrix Generation: A Simplified Approach},
  institution  = {INESC-ID},
  year = {2015}
}

%%%%%%%%%%%%%%%%%%%%%%%%%%%%%%%%%%%%%%%%%%%%%%%%%%
%%%%%%%%%%%%%%%%%%%%%%%%%%%%%%%%%%%%%%%%%%%%%%%%%%
%%%%%%%%%%%%%%%%%%%%%%%%%%%%%%%%%%%%%%%%%%%%%%%%%%